@Manual{R-base,
  title = {R: A Language and Environment for Statistical Computing},
  author = {{R Core Team}},
  organization = {R Foundation for Statistical Computing},
  address = {Vienna, Austria},
  year = {2018},
  url = {https://www.R-project.org/},
}
@Manual{R-papaja,
  author = {Frederik Aust and Marius Barth},
  title = {{papaja}: {Create} {APA} manuscripts with {R Markdown}},
  year = {2018},
  note = {R package version 0.1.0.9842},
  url = {https://github.com/crsh/papaja},
}
@Manual{R-RevoUtils,
  title = {RevoUtils: Microsoft R Utility Package},
  author = {Microsoft Corporation},
  year = {2018},
  note = {R package version 11.0.1},
}
@Manual{R-RevoUtilsMath,
  title = {RevoUtilsMath: Microsoft R Services Math Utilities Package},
  author = {Microsoft Corporation},
  year = {2018},
  note = {R package version 11.0.0},
}
